<?xml version="1.0" encoding="UTF-8"?><collection xmlns="http://www.loc.gov/MARC21/slim"><record><leader>00409nam--2200133-i-4500</leader><controlfield tag="001">000020397</controlfield><controlfield tag="002">20161230</controlfield><controlfield tag="005">20161230201033</controlfield><controlfield tag="008">060222s1000------------r-----000-0-eng-d</controlfield><datafield ind1=" " ind2=" " tag="080"><subfield code="a">621.47(043)</subfield></datafield><datafield ind1=" " ind2=" " tag="100"><subfield code="a">Fara, Vladimir</subfield></datafield><datafield ind1=" " ind2=" " tag="245"><subfield code="a">Contributii la studiul proceselor fizice pentru sistemele de conversie a energiei solare.teza</subfield></datafield><datafield ind1=" " ind2=" " tag="260"><subfield code="a">Bucuresti, Institutul Central De Fizica, 1987. 163 P</subfield></datafield><datafield ind1=" " ind2=" " tag="852"><subfield code="a">73946</subfield></datafield></record></collection>